% ******************************* Books *******************************

@book{hastie09,
Author = {Hastie, Trevor and  Tibshirani, Robert and Friedman, Jerome},
Title = {The Elements of Statistical Learning: Data Mining, Inference, and Prediction},
Series = {Springer Series in Statistics},
Publisher = {Springer},
Edition = {2da},
Year = {2009} }

@book{xuwunsch2008,
Author = {Xu, Rui and Wunsch, Donald C. II},
Title = {Clustering},
Series = {IEEE Press Series on Computational Intelligence},
Publisher = {Wiley-IEEE Press},
Edition = {2da},
Year = {2008} }

@book{clifford1981,
Author = {Cliff, Andrew D. and  Ord, J. K.},
Title = {Spatial Processes: Models \& Applications},
Publisher = {Pion Limited},
Year = {1981}}

@book{clifford1973,
Author = {Cliff, Andrew D. and  Ord, J. K.},
Title = {Spatial Autocorrelation},
Publisher = {Pion Limited},
Year = {1973} }

@book{cressie,
Author = {Cressie, Noel A. C.},
Title = {Statistics for Spatial Data},
Publisher = {Wiley},
Edition = {Revised},
Year = {1993} }

@book{haining,
Author = {Haining, Robert},
Title = {Spatial Data Analysis: Theory and Practice},
Publisher = {Cambridge University Press},
Edition = {1a},
Year = {2004} }

@book{agresti,
Author = {Agresti, Alan},
Title = {An Introduction to Categorical Data Analysis},
Publisher = {John Wiley \& Sons},
Edition = {2},
Year = {2007} }

@book{GIS05,
author = {Longley, Paul A. and Goodchild, Michael F. and Maguire, David J. and  Rhind David W.},
title = {Geographical Information Systems: Principles, Techniques, Applications and Management},
publisher = {Abridged},
edition = {2},
year = {2005} }


@incollection{gordon,
  author      = {Gordon, A.D.},
  title       = {Null Models in Cluster Validation},
  booktitle   = {From Data To Knowledge},
  publisher   = {Springer},
  address     = {New York},
  year        = 2004,
  pages       = "32--44"
}
% ******************************* Articles *******************************
@article{anselin93,
    author  = {Anselin, Luc},
    title   = {The Moran Scatterplot as an ESDA Tool to Assess Local Instability in Spatial Association},
    year    = "1993",
    journal = "GISDATA Specialist Meeting on GIS and Spatial Analysis",
    pages   = "645--678"
    }
@article{xuwunsch2005,
    author  = {Xu, Rui and Wunsch, Donald C.},
    title   = {Survey of Clustering Algorithms},
    year    = "2005",
    journal = {IEEE Transactions on Neural Networks},
    volume  = "5",
    number  = "3",
    pages   = "3180-3185"
}

@article{banerjee,
    author  = {Banerjee, Arindam and Ghosh, Joydeep},
    title   = {Frequency Sensitive Competitive Learning for Clustering on High-dimensional Hyperspheres},
    year    = "2004",
    journal = "IEEE Transactions on Neural Networks",
    volume  = "16",
    number  = "3",
    pages   = "645--678"
}

@article{maitraramler,
    author  = {Maitra,Ranjan and Ramler,Ivan P.},
    title   = {A $k$-mean-directions Algorithm for Fast Clustering of Data on the Sphere},
    year    = "2010",
    journal = "Journal of Computational and Graphical Statistics",
    volume  = "19",
    number  = "2",
    pages   = "377--396"
}

@article{zhong,
    author  = {Zhong, Shi},
    title   = {Efficient Online Spherical K-means Clustering},
    year    = "2005",
    journal = "IEEE Transactions on Neural Networks",
    volume  = "5",
    number  = "3",
    pages   = "3180--3185"
}


@article{cliffmartinord75,
    author  = {Cliff, Andrew D. and Martin, R. L. and Ord, J.K.},
    title   = {A Test for Spatial Autocorrelation in Cloropleth Maps Based upon a Modified $\chi^2$ Statistic},
    year    = "1975",
    journal = "Transactions of the Institute of British Geographers",
    number  = "65",
    pages   = "109--129"
}

@article{pearson90,
    author  = {Pearson, Karl},
    title   = {On the criterion that a given system of deviations from the probable in the case of a correlated system of variables is such that it can be reasonably supposed to have arisen from random sampling},
    year    = "1900",
    journal = "Philosophical Magazine Series 5",
    number  = "50",
    pages   = "157–175"
}

@article{moran48,
    author  = {Moran, P.A.P.},
    title   = {The interpretation of statistical maps},
    year    = "1948",
    journal = "Royal Statistical Society",
    volume  = "10",
    number  = "2",
    pages   = "243–251"
}

@article{moran50,
    author  = {Moran, P.A.P.},
    title   = {Notes on continuous stochastic phenomena},
    year    = "1950",
    journal = "Biometrika",
    number  = "37",
    pages   = "17-23"
}
@article{geary54,
    author  = {Geary, R.C.},
    title   = {The contiguity ratio and statistical mapping},
    year    = "1954",
    journal = "The Incorporated Statician",
    number  = "5",
    pages   = "115-145"
}

@article{hoeffding52,
    author  = {Hoeffding, W.},
    title   = {The large-sample power of tests based on permutations of observations},
    year    = "1952",
    journal = {Annals of Mathemathical Statistics},
    number  = "23",
    pages   = "169-192"
}

@article{tibshirani01,
    author  = {Tibshirani, Robert and Walther, Guenther and Hastie, Trevor},
    title   = {Estimating the number of clusters in a data set via the gap statistic},
    year    = "2001",
    journal = {Journal of the Royal Statistical Society},
    series  = "B",
    number  = "63",
    pages   = "411-423"
}

@misc{conapo11,
    author  = "CONAPO",
    title   = "Índice de marginación por entidad federativa y municipio 2010",
    year    = "2011",
    journal = "Annals of Mathemathical Statistics",
    edition = "1a.",
    url     = "http://www.conapo.gob.mx"
}
@misc{conapo04,
    author  = "CONAPO",
    title   = "Índice de Marginación 2005",
    year    = "2004",
    edition = "1a.",
    url     = "http://www.conapo.gob.mx"
}


Índice de marginación por entidad federativa y municipio 2010
% ******************************* PHDThesis *******************************

@phdthesis{yanthes,
	author  = {Yan, Mingjin},
	title	= "Methods of Determining the Number of Clusters in a Data Set and a New Clustering Criterion",
	year = 2005,
	school = "Virginia Polytechnic Institute and State University"
}

@mastersthesis{prematilake,
  author  = {Prematilake, Chalani C.},
  title = "Applications of Spatial Autocorrelation",
  year = 2011,
  school = "Texas Tech University"
}

% ******************************* SOFTWARE info *******************************



%%% end